@book{ahlfors1953complex,
    title={Complex Analysis},
    author={Ahlfors},
    year={1953},
    publisher={McGraw-Hill},
    address={New York}
}
@book{auslander1963introduction,
    title={Introduction to Differentiable Manifolds},
    author={Auslander and MacKenzie},
    year={1963},
    publisher={McGraw-Hill},
    address={New York}
}
@book{cesari1956surface,
    title={Surface Area},
    author={Cesari},
    year={1956},
    publisher={Princeton University Press},
    address={Princeton, New Jersey}
}
@book{courant1937differential,
    title={Differential and Integral Calculus, Volume II},
    author={Courant},
    year={1937},
    publisher={Interscience},
    address={New York}
}
@book{dieudonne1960foundations,
    title={Foundations of Modern Analysis},
    author={Dieudonné},
    year={1960},
    publisher={Academic Press},
    address={New York}
}
@book{fort1962topology,
    title={Topology of 3-Manifolds},
    author={Fort},
    year={1962},
    publisher={Prentice-Hall},
    address={Englewood Cliffs, New Jersey}
}
@article{gaussNachlass,
    title={Zur mathematischen Theorie der electrodynamischen Wirkungen},
    author={Gauss},
    year={},
    note={[4] (Nachlass) Werke V, 605}
}
@book{helgason1962differential,
    title={Differential Geometry and Symmetric Spaces},
    author={Helgason},
    year={1962},
    publisher={Academic Press},
    address={New York}
}
@book{hilton1960homology,
    title={Homology Theory},
    author={Hilton and Wylie},
    year={1960},
    publisher={Cambridge University Press},
    address={New York}
}
@book{hu1959homotopy,
    title={Homotopy Theory},
    author={Hu},
    year={1959},
    publisher={Academic Press},
    address={New York}
}
@book{kelley1955general,
    title={General Topology},
    author={Kelley},
    year={1955},
    publisher={Van Nostrand},
    address={Princeton, New Jersey}
}
@book{kobayashi1963foundations,
    title={Foundations of Differential Geometry},
    author={Kobayashi and Nomizu},
    year={1963},
    publisher={Interscience},
    address={New York}
}
@book{maxwell1954electricity,
    title={Electricity and Magnetism},
    author={Maxwell},
    year={1954},
    publisher={Dover},
    address={New York}
}
@book{natanson1955theory,
    title={Theory of Functions of a Real Variable},
    author={Natanson},
    year={1955},
    publisher={Frederick Ungar},
    address={New York}
}
@book{rad61948length,
    title={Length and Area, Volume XXX},
    author={Radó},
    year={1948},
    publisher={American Mathematical Society, Colloquium Publications},
    address={New York}
}
@book{deRham1955varietais,
    title={Variétés Differentiables},
    author={de Rham},
    year={1955},
    publisher={Hermann},
    address={Paris}
}
@book{sternberg1964lectures,
    title={Lectures on Differential Geometry},
    author={Sternberg},
    year={1964},
    publisher={Prentice-Hall},
    address={Englewood Cliffs, New Jersey}
}